<?xml version="1.0" encoding="UTF-8"?><record xmlns="http://www.loc.gov/MARC21/slim" xmlns:cinclude="http://apache.org/cocoon/include/1.0" xmlns:zs="http://www.loc.gov/zing/srw/">
  <leader>00594cz  a2200157n  4500</leader>
  <controlfield tag="001">no2001062187</controlfield>
  <controlfield tag="003">DLC</controlfield>
  <controlfield tag="005">20081213081717.0</controlfield>
  <controlfield tag="008">010807n| acannaabn          |n aaa     c</controlfield>
  <datafield tag="010" ind1=" " ind2=" ">
    <subfield code="a">no2001062187</subfield>
    <subfield code="z">no2005105814</subfield>
  </datafield>
  <datafield tag="035" ind1=" " ind2=" ">
    <subfield code="a">(OCoLC)oca05552663</subfield>
  </datafield>
  <datafield tag="040" ind1=" " ind2=" ">
    <subfield code="a">VtMiM-Mu</subfield>
    <subfield code="b">eng</subfield>
    <subfield code="c">VtMiM-Mu</subfield>
    <subfield code="d">DLC</subfield>
  </datafield>
  <datafield tag="100" ind1="1" ind2=" ">
    <subfield code="a">Shatin, Judith,</subfield>
    <subfield code="d">1949-</subfield>
    <subfield code="t">1492</subfield>
  </datafield>
  <datafield tag="670" ind1=" " ind2=" ">
    <subfield code="a">CORE Ensemble. Bending the light [SR] p1999:</subfield>
    <subfield code="b">container (1492)</subfield>
  </datafield>
  <datafield tag="670" ind1=" " ind2=" ">
    <subfield code="a">OCLC database, Aug. 7, 2001</subfield>
    <subfield code="b">(hdgs.: Shatin, Judith, 1949- 1942 [sic]; Shatin, Judith, 1949- 1492)</subfield>
  </datafield>
  <datafield tag="670" ind1=" " ind2=" ">
    <subfield code="a">New Grove, 2nd ed., WWW site, Aug. 7, 2001</subfield>
    <subfield code="b">(1492, pf, perc, 1992)</subfield>
  </datafield>
</record>